@misc{nceicoa2025,
	title = {NCEI Coastal Water Temperature Guide - All Coastal Regions table},
	url = {https://www.ncei.noaa.gov/access/coastal-water-temperature-guide/all_table.html},
	langid = {en},
	date = {2025-4-14}
}

@article{portugal-pereira2024,
	title = {Exposure of future nuclear energy infrastructure to climate change hazards: A review assessment},
	author = {Portugal-Pereira, Joana and Esteban, Miguel and {Ara√∫jo}, Kathleen},
	year = {2024},
	month = {05},
	date = {2024-05-01},
	journal = {Energy Strategy Reviews},
	pages = {101365},
	volume = {53},
	doi = {10.1016/j.esr.2024.101365},
	url = {https://www.sciencedirect.com/science/article/pii/S2211467X24000725}
}

@misc{electric,
	title = {Electricity data browser - Net generation for all sectors},
	url = {https://www.eia.gov/electricity/data/browser/},
	date = {2024-10-23}
}

@misc{nceicoaa,
	title = {NCEI Coastal Water Temperature Guide - All Coastal Regions table},
	url = {https://www.ncei.noaa.gov/access/coastal-water-temperature-guide/all_table.html},
	date = {2025-04-13},
	langid = {en}
}

@misc{Cooling2020,
	title = {Cooling Power Plants - World Nuclear Association},
	url = {https://world-nuclear.org/information-library/current-and-future-generation/cooling-power-plants},
	date = {2020-10-1}
}

@misc{EIA,
	title = {U.S. Energy Information Administration - EIA - Independent Statistics and Analysis},
	url = {https://www.eia.gov/state/analysis.php},
	date = {2024-11-21}
}

@misc{WNA2025,
	title = {Nuclear Power in the World Today - World Nuclear Association},
	url = {https://world-nuclear.org/information-library/current-and-future-generation/nuclear-power-in-the-world-today},
	date = {2025-4-1}
}


@misc{Bandyk2020,
	title = {For nuclear plants operating on thin margins, growing climate risks prompt tough choices | Utility Dive},
	url = {https://www.utilitydive.com/news/for-nuclear-plants-operating-on-thin-margins-growing-climate-risks-prompt/584883/},
	langid = {canadian},
	year={2020},
	date={2020-9-10},
	author={Bandyk, Matthew}
}

@misc{NDBC,
	title = {National Data Buoy Center},
	author = {US Department of Commerce, National Oceanic and Atmospheric Administration},
	url = {https://www.ndbc.noaa.gov/obs.shtml},
	langid = {EN-US}
}
